@article{IMDbDataset,
  title={Learning Word Vectors for Sentiment Analysis},
  author={Maas, Andrew L. and Daly, Raymond E. and Pham, Peter T. and Huang, Dan and Ng, Andrew Y. and Potts, Christopher},
  journal={Proceedings of the 49th Annual Meeting of the Association for Computational Linguistics: Human Language Technologies},
  year={2011}
}
@article{ApplicationsOfSA,
  title={Opinion Mining and Sentiment Analysis},
  author={Pang, Bo and Lee, Lillian},
  journal={Foundations and Trends in Information Retrieval},
  year={2008},
  volume={2},
  number={1-2},
  pages={1-135}
}
@book{MLModelsUtility,
  title={An Introduction to Statistical Learning},
  author={James, Gareth and Witten, Daniela and Hastie, Trevor and Tibshirani, Robert},
  year={2013},
  publisher={Springer}
}
@article{mikolov2013efficient,
  title={Efficient estimation of word representations in vector space},
  author={Mikolov, Tomas and Chen, Kai and Corrado, Greg and Dean, Jeffrey},
  journal={arXiv preprint arXiv:1301.3781},
  year={2013}
}
